%% This BibTeX bibliography file was created using BibDesk.
%% http://bibdesk.sourceforge.net/

%% Created for taro at 2016-01-24 16:56:13 +0900 


%% Saved with string encoding Unicode (UTF-8) 

@Misc{ranking,
	author = {保険の窓口インズウェブ},
	title = {交通事故発生ランキング（都道府県別）},
	note = "\url{https://www.insweb.co.jp/car/kisochishiki/jidosha-jiko/jiko-ranking.html}",
}